@Book{bk_key,
	Author					= {Some Author},
	Title					= {Some Title},
	Publisher				= {Some Publisher},
	Year					= {Year},
	Edition					= {Number},
	ISBN					= {Some ISBN}
}

@misc{Zierfischforum,
    title = {Zierfischforum - Zierfisch und Aquarium},
    howpublished = {\url{http://www.zierfischforum.at/artikel/tierschutzgesetz.html}},
    note = {\\ Online; Zugegriffen: 2016-09-20}
}

@misc{EcoQube,
    title = {The Eco Qube C - Aqua Design Innovations},
    howpublished = {\url{https://getecoqube.com/products/ecoqube-c}},
    note = {\\ Online; Zugegriffen: 2016-09-18}
}

@misc{Grove,
    title = {GroveGrown},
    howpublished = {\url{https://grovegrown.com/}},
    note = {\\ Online; Zugegriffen: 2016-09-18}
}

@misc{AmazonArduino,
    title = {Amazon Arduino},
    howpublished = {\url{https://www.amazon.de/Arduino-Uno-Rev-3-Mikrocontroller-Board/dp/B008GRTSV6}},
    note = {\\ Online; Zugegriffen: 2016-09-25}
}

@misc{ArduinoBoardUno,
    title = {Arduino - ArduinoBoardUno},
    howpublished = {\url{https://www.arduino.cc/en/Main/ArduinoBoardUno}},
    note = {\\ Online; Zugegriffen: 2016-09-25}
}

@misc{PiZero,
    title = {Raspberry Pi Zero},
    howpublished = {\url{https://www.raspberrypi.org/products/pi-zero/}},
    note = {\\ Online; Zugegriffen: 2016-09-25}
}

@misc{PiPower,
    title = {Raspberry Pi: Stromverbrauch messen},
    howpublished = {\url{https://www.elektronik-kompendium.de/sites/raspberry-pi/1910071.htm}},
    note = {\\ Online; Zugegriffen: 2016-09-25}
}

@misc{PiBPlus,
    title = {Raspberry Pi 1 Model B+},
    howpublished = {\url{https://www.raspberrypi.org/products/model-b-plus/}},
    note = {\\ Online; Zugegriffen: 2016-09-25}
}

@misc{OpenAquarium,
    title = {Raspberry Pi: Stromverbrauch messen},
    howpublished = {\url{https://www.cooking-hacks.com/documentation/tutorials/open-aquarium-aquaponics-fish-tank-monitoring-arduino/}},
    note = {\\ Online; Zugegriffen: 2016-10-10}
}

@misc{TempSensor,
    title = {Temperature-Sensor-Waterproof},
    howpublished = {\url{https://www.cooking-hacks.com/temperature-sensor-waterproof-ds18b20}},
    note = {\\ Online; Zugegriffen: 2016-10-19}
}

@misc{phSensor,
    title = {pH Sensor},
    howpublished = {\url{https://www.cooking-hacks.com/ph-sensor}},
    note = {\\ Online; Zugegriffen: 2016-10-19}
}

@misc{WaterPump,
    title = {Immersible pump Water tube for Open Garden},
    howpublished = {\url{https://www.cooking-hacks.com/shop/arduino/designed-by-ch-13/open-garden/immersible-pump-water-tube-for-open-garden-and-open-aquarium}},
    note = {\\ Online; Zugegriffen: 2016-10-24}
}

@misc{PeristaltikPump,
    title = {Peristaltic pump for Open Aquarium},
    howpublished = {\url{https://www.cooking-hacks.com/peristaltic-pump-for-open-aquarium}},
    note = {\\ Online; Zugegriffen: 2016-10-25}
}

@misc{LEDLamp,
    title = {Buy LED lamp for Open Aquarium Board},
    howpublished = {\url{https://www.cooking-hacks.com/led-lamp-16-for-open-aquarium}},
    note = {\\ Online; Zugegriffen: 2016-10-30}
}

@misc{DjangoSecurity,
    title = {Security in Django},
    howpublished = {\url{https://docs.djangoproject.com/en/1.10/topics/security/}},
    note = {\\ Online; Zugegriffen: 2016-11-1}
}

@misc{DjangoDoc,
    title = {Django Documentation},
    howpublished = {\url{https://docs.djangoproject.com/en/1.10/}},
    note = {\\ Online; Zugegriffen: 2016-11-1}
}

@misc{paypal,
    title = {Paypal and Node.js},
    howpublished = {\url{https://www.paypal-engineering.com/2013/11/22/node-js-at-paypal/}},
    note = {\\ Online; Zugegriffen: 2016-11-1}
}

@misc{netflix,
    title = {Netflix and Node.js},
    howpublished = {\url{http://techblog.netflix.com/2014/11/nodejs-in-flames.html}},
    note = {\\ Online; Zugegriffen: 2016-11-1}
}

@misc{hitec-zang,
    title = {LadDos Pumpe},
    howpublished = {\url{http://www.hitec-zang.de/fileadmin/informationsmaterial/flyer_deu/web/labdos_flyer.pdf}},
    note = {\\ Online; Zugegriffen: 2016-10-25}
}

@misc{redis_server_xenial,
    title = {Redis-server Ubuntu Xenial},
    howpublished = {\url{http://packages.ubuntu.com/xenial/redis-server}},
    note = {\\ Online; Zugegriffen: 2017-03-08}
}

@misc{BC557,
    title = {Transistor BC557},
    howpublished = {\url{http://www.farnell.com/datasheets/296678.pdf}},
    note = {\\ Online; Zugegriffen: 2017-03-10}
}

@misc{Redis_Evaluation,
    title = {How fast is Redis?},
    howpublished = {\url{https://redis.io/topics/benchmarks}},
    note = {\\ Online; Zugegriffen: 2017-03-12}
}

@misc{USV,
    title = {Raspberry Pi USV},
    howpublished = {\url{http://piusv.de/}},
    note = {\\ Online; Zugegriffen: 2017-03-15}
}

@misc{ECF,
    title = {ECF Farm Berlin},
    howpublished = {\url{http://www.ecf-farm.de/}},
    note = {\\ Online; Zugegriffen: 2017-03-15}
}

@misc{Aquaponik_Anlage_Wien,
    title = {Aquaponik Anlage Wien},
    howpublished = {\url{http://aquaponic-austria.at/erste-ganzjaehirg-betriebene-aquaponic-anlage-in-wien/}},
    note = {\\ Online; Zugegriffen: 2017-03-15}
}

@misc{TypeScript,
    title = {Type Script description},
    howpublished = {\url{http://www.it-visions.de/glossar/alle/6737/[Name].aspx}},
    note = {\\ Online; Zugegriffen: 2017-03-18}
}

@misc{JSON,
    title = {JSON description},
    howpublished = {\url{http://www.json.org/json-de.html}},
    note = {\\ Online; Zugegriffen: 2017-03-18}
}

@misc{Mongoose,
    title = {Mongoose description},
    howpublished = {\url{http://mongoosejs.com/docs/guide.html}},
    note = {\\ Online; Zugegriffen: 2017-03-18}
}

@misc{SmokeBrushSet,
    title = {r2010 Smoke Brush Set},
    howpublished ={\url{http://r2010.deviantart.com/art/smoke-illustrator-brush-pack-109297583}},
    note = {\\ Online; Zugegriffen: 2017-03-18}
}

@misc{RaspberryLogo,
    title = {Raspberry Pi Logo},
    howpublished ={\url{https://upload.wikimedia.org/wikipedia/en/c/cb/Raspberry_Pi_Logo.svg}},
    note = {\\ Online; Zugegriffen: 2017-03-18}
}

@misc{ArduinoLogo,
    title = {Arduino Logo},
    howpublished ={\url{https://worldvectorlogo.com/logo/arduino-1}},
    note = {\\ Online; Zugegriffen: 2017-03-18}
}

@misc{db-engines,
    title = {DB-Engines Ranking},
    howpublished = {\url{http://db-engines.com/de/ranking}},
    note = {\\ Online; Zugegriffen: 2016-11-17}
}

@misc{osram,
    title = {Pflanzenbeleuchtung LED: LB CP7P},
    howpublished = {\url{http://www.osram-os.com/Graphics/XPic7/00199152_0.pdf/LB\%20CP7P\%20(EnglishDeutsch).pdf}},
    note = {\\ Online; Zugegriffen: 2017-03-19}
}

@misc{wiedererkennung,
    title = {Wiedererkennung als Geschäftsmodell},
    howpublished = {\url{https://www.lean-labs.com/blog/why-is-brand-awareness-important-to-growing-your-business}},
    note = {\\ Online; Zugegriffen: 2017-03-19}
}

@misc{responsiveness,
    title = {Josh Clark, Responsiveness},
    howpublished = {\url{https://www.forbes.com/sites/anthonykosner/2012/05/03/seven-deadly-mobile-myths-josh-clark-debunks-the-desktop-paradigm-and-more/2/#71a092aa7a29}},
    note = {\\ Online; Zugegriffen: 2017-03-19}
}

@misc{PonixSystems,
    title = {Ponix Systems},
    howpublished = {\url{https://www.ponix-systems.at/de/}},
    note = {\\ Online; Zugegriffen: 2017-03-20}
}

@misc{AquaponikAustria,
    title = {AquaponikAustria},
    howpublished = {\url{http://aquaponic-austria.at/}},
    note = {\\ Online; Zugegriffen: 2017-03-20}
}

@misc{fishAPlant,
    title = {Aquaponic - Fish A Plant},
    howpublished = {\url{https://fishaplant.jimdo.com/aquaponic/}},
    note = {\\ Online; Zugegriffen: 2017-03-23}
}

@misc{letsGrow,
    title = {Aquaponic - Let's Grow},
    howpublished = {\url{http://lets-grow.de/}},
    note = {\\ Online; Zugegriffen: 2017-03-23}
}

@misc{redisBenchmark,
    title = {Redis Benchmark Tests},
    howpublished = {\url{http://skipperkongen.dk/2013/08/27/how-many-requests-per-second-can-i-get-out-of-redis/}},
    note = {\\ Online; Zugegriffen: 2017-03-23}
}

@misc{MongoDB_wiki,
    title = {MongoDB description},
    howpublished = {\url{https://docs.mongodb.com/manual/}},
    note = {\\ Online; Zugegriffen: 2017-03-25}
}

@misc{MongoDB_characteristics,
    title = {MongoDB description},
    howpublished = {\url{https://www.mongodb.com/de}},
    note = {\\ Online; Zugegriffen: 2017-03-25}
}

@misc{OpenAquariumBoard,
    title = {Open Aquarium board},
    howpublished = {\url{https://www.cooking-hacks.com/open-aquarium-board}},
    note = {\\ Online; Zugegriffen: 2016-11-11}
}

@misc{JBL,
    title = {JBL CristalProfi E901 Greenline - Aquariumpumpe},
    howpublished = {\url{https://www.jbl.de/?lang=de&mod=products&func=detail&id=4347}},
    note = {\\ Online; Zugegriffen: 2017-02-11}
}

@misc{node_eval,
    title = {Artikel über Node.js und seine Module},
    howpublished = {\url{http://t3n.de/magazin/serverseitige-javascript-entwicklung-nodejs-einsatz-231152/}},
    note = {\\ Online; Zugegriffen: 2017-03-29}
}

@misc{php_eval,
    title = {Node.js vs PHP},
    howpublished = {\url{http://nodecode.de/php-oder-nodejs}},
    note = {\\ Online; Zugegriffen: 2017-03-29}
}


@misc{express,
    title = {Express.js Architektur},
    howpublished = {\url{https://techtalk.vn/wp-content/uploads/2016/11/cd97e17f897577e19a50e2d6e1fbec5632d97ed1.jpg}},
    note = {\\ Online; Zugegriffen: 2017-03-28}
}

@misc{jwt,
    title = {JSON Web Tokens},
    howpublished = {\url{https://auth0.com/learn/json-web-tokens/}},
    note = {\\ Online; Zugegriffen: 2017-03-28}
}

@misc{node,
    title = {Node.js Architektur},
    howpublished = {\url{https://www.slideshare.net/elachechebedis/nodejs-essentials}},
    note = {\\ Online; Zugegriffen: 2017-03-28}
}

@misc{aot,
    title = {AOT},
    howpublished = {\url{https://angular.io/docs/ts/latest/cookbook/aot-compiler.html}},
    note = {\\ Online; Zugegriffen: 2017-03-28}
}

@misc{zmdi,
    title = {ZMDI-Icons},
    howpublished = {\url{http://zavoloklom.github.io/material-design-iconic-font/icons.html}},
    note = {\\ Online; Zugegriffen: 2017-03-28}
}

@misc{hamburger,
    title = {Hamburger Icon im Webdesign},
    howpublished = {\url{https://de.wikipedia.org/wiki/Hamburger-Men%C3%BC-Icon}},
    note = {\\ Online; Zugegriffen: 2017-03-28}
}
@misc{angular_communication,
    title = {Angular 2 Component Communication},
    howpublished = {\url{https://angular.io/docs/ts/latest/cookbook/component-communication.html}},
    note = {\\ Online; Zugegriffen: 2017-03-28}
}

@misc{frameworks_trends,
    title = {Google Trends of Node.js, Django, Laravel},
    howpublished = {\url{https://trends.google.at/trends/explore?q=%2Fm%2F0bbxf89,%2Fm%2F06y_qx,Laravel}},
    note = {\\ Online; Zugegriffen: 2017-03-28}
}

@misc{ecma,
    title = {ECMAScript und die Browserkompatibilität},
    howpublished = {\url{http://kangax.github.io/compat-table/es6/}},
    note = {\\ Online; Zugegriffen: 2017-03-28}
}

@misc{color,
    title = {Color Name & Hue},
    howpublished = {\url{http://www.color-blindness.com/color-name-hue/}},
    note = {\\ Online; Zugegriffen: 2017-03-28}
}

@Book{abcChemie,
	Author					= {Verschiedene Authoren},
	Title					= {abc Chemie},
	Publisher				= {VEB F. A. Brockhaus Verlag Leipzig},
	Year					= {1971},
	Edition					= {3}
}

@Book{elektrJournal,
	Author					= {Verschiedene Authoren},
	Title					= {Internet der Dinge},
	Publisher				= {Hüthig GmbH},
	Year					= {2017},
	Edition					= {1}
}

@Book{TuM,
	Author					= {Otto König},
	Title					= {Tier und Mensch: Tiere halten, pflegen, kennenlernen},
	Publisher				= {Jugend u. Volk},
	Year					= {1980},
	Edition					= {1},
	ISBN					= {978-3-7141-7045-0}
}